<record xmlns="http://www.loc.gov/MARC21/slim" xmlns:xsi="http://www.w3.org/2001/XMLSchema-instance" xsi:schemaLocation="http://www.loc.gov/MARC21/slim http://www.loc.gov/standards/marcxml/schema/MARC21slim.xsd"><leader>00764nz   2200169n  4500</leader><controlfield tag="001">oca03852933 </controlfield><controlfield tag="005">19950608053521.5</controlfield><controlfield tag="008">950605n| acannaab|          |a aaa     c</controlfield><datafield ind1=" " ind2=" " tag="010"><subfield code="a">nr 95020708 </subfield></datafield><datafield ind1=" " ind2=" " tag="040"><subfield code="a">NNC</subfield><subfield code="c">NNC</subfield></datafield><datafield ind1="0" ind2=" " tag="100"><subfield code="a">Ablabius</subfield></datafield><datafield ind1="1" ind2=" " tag="400"><subfield code="a">Ablabius, Fl.</subfield></datafield><datafield ind1="0" ind2=" " tag="400"><subfield code="a">Ablanius</subfield></datafield><datafield ind1=" " ind2=" " tag="670"><subfield code="a">His Epigramma [CF] 1991:</subfield><subfield code="b">PHI CD ROM #5.3, Latin canon, bibliographic screen (Ablabius)</subfield></datafield><datafield ind1=" " ind2=" " tag="670"><subfield code="a">Pauly-Wissowa:</subfield><subfield code="b">1. Halbbd., col. 103; "Ablabius", #2 (Ablabius; prominent rhetorician from Galatia; student of Troilos; correspondent of Libanios and Gregory of Nazianzus)</subfield></datafield><datafield ind1=" " ind2=" " tag="670"><subfield code="a">The fragmentary Latin poets, 1993:</subfield><subfield code="b">p. 424 (Fl. Ablabius; Ablabius appears to be the correct spelling, though Ablanius is sometimes found)</subfield></datafield><datafield ind1=" " ind2=" " tag="675"><subfield code="a">Oxford Class. Dict.;</subfield><subfield code="a">NUC pre-56.</subfield></datafield></record>